<?xml version="1.0" encoding="UTF-8"?><collection xmlns="http://www.loc.gov/MARC21/slim"><record><leader>00471nam--2200133-i-4500</leader><controlfield tag="001">000001833</controlfield><controlfield tag="002">20161230</controlfield><controlfield tag="005">20161230201024</controlfield><controlfield tag="008">060222s1000------------r-----000-0-eng-d</controlfield><datafield ind1=" " ind2=" " tag="080"><subfield code="a">001.891</subfield></datafield><datafield ind1=" " ind2=" " tag="100"><subfield code="a">Freeman, C., Young, A</subfield></datafield><datafield ind1=" " ind2=" " tag="245"><subfield code="a">The research and development effort in western europe, north america and the soviet union.an experimental international comparison of research expenditures and manpower in 1962</subfield></datafield><datafield ind1=" " ind2=" " tag="260"><subfield code="a">Paris, O.E.C.D., 1965. 152 P</subfield></datafield><datafield ind1=" " ind2=" " tag="852"><subfield code="a">24010</subfield></datafield></record></collection>